<record><leader>00000cas a22000007a 4500</leader><controlfield tag="001">20266476</controlfield><controlfield tag="008">890826d18861887gaudr ne      0    0eng d</controlfield><datafield ind1=" " ind2=" " tag="010"><subfield code="a">sn 89053378 </subfield></datafield><datafield ind1=" " ind2=" " tag="040"><subfield code="a">NLG</subfield><subfield code="b">eng</subfield><subfield code="c">NLG</subfield><subfield code="d">OCLCQ</subfield></datafield><datafield ind1=" " ind2=" " tag="042"><subfield code="a">msc</subfield></datafield><datafield ind1="0" ind2="4" tag="245"><subfield code="a">The Daily banner-watchman.</subfield></datafield><datafield ind1=" " ind2=" " tag="260"><subfield code="a">Athens, Ga. :</subfield><subfield code="b">T.L. Gantt</subfield></datafield><datafield ind1=" " ind2=" " tag="300"><subfield code="a">v.</subfield></datafield><datafield ind1=" " ind2=" " tag="310"><subfield code="a">Daily</subfield></datafield><datafield ind1="1" ind2=" " tag="362"><subfield code="a">Began in 1886.</subfield></datafield><datafield ind1=" " ind2=" " tag="588"><subfield code="a">Description based on: Vol. 7, no. 119 (Mar. 18, 1886).</subfield></datafield><datafield ind1=" " ind2=" " tag="752"><subfield code="a">United States</subfield><subfield code="b">Georgia</subfield><subfield code="c">Clarke</subfield><subfield code="d">Athens.</subfield></datafield><datafield ind1="0" ind2=" " tag="775"><subfield code="t">Weekly banner-watchman (Athens, Ga.)</subfield><subfield code="w">(DLC)sn 88054101</subfield></datafield><datafield ind1="0" ind2="0" tag="780"><subfield code="t">Banner-watchman (Athens, Ga. : 1884)</subfield><subfield code="w">(DLC)sn 89053377</subfield></datafield><datafield ind1="0" ind2="0" tag="785"><subfield code="t">Banner-watchman (Athens, Ga. : 1887)</subfield><subfield code="w">(DLC)sn 88054102</subfield></datafield></record>